@Article{gspn,
  author = 	 {M Ajmone Marsan and G Balbo and G Conte},
  title = 	 {A class of generalised stochastic petri nets for the analysis of multiprocessor systems},
  journal = 	 {ACM Trans, On Computer Systems},
  year = 	 {1984/5},
  OPTvolume = 	 {2},
  OPTnumber = 	 {1}
}
@TechReport{galliapereyra,
  author = 	 {Gallia, Nicolás Alejandro and Pereyra, Martín Miguel},
  title = 	 {Implementación de un sistema multi core heterogéneo embebido con procesador de Petri sobre FPGA},
  institution =  {Universidad Nacional de Córdoba},
  year = 	 {2012}
}
@TechReport{paillertejeda,
  author = 	 {Pailler, Julio César and Tejeda, Miguel Ángel},
  title = 	 {Implementación en hardware de un procesador de Petri para resolver problemas de sincronización y exclusión mutua en sistemas multicore},
  institution =  {Universidad Nacional de Córdoba},
  year = 	 {2011}
}
@TechReport{noninopisetta,
  author = 	 {Nonino, Julián and Pisetta, Carlos Renzo},
  title = 	 {Desarrollo de IP cores con procesamiento de Redes de Petri Temporales para sistemas multicore en FPGA},
  institution =  {Universidad Nacional de Córdoba},
  year = 	 {2012}
}
@Book{diaz_petri,
  editor = 	 {Diaz, Michel},
  title = 	 {Petri Nets: Fundamental Models, Verification and Applications},
  publisher = 	 {ISTE Ltd., John Wiley \& Sons Inc.},
  year = 	 {2009},
  OPTseries = 	 {Control Systems, Robotics and Manufacturing}
}
@TechReport{baldoniromano,
  author = 	 {Baldoni, Federico E. and Romano, Matías H.},
  title = 	 {Simulación de procesadores multicore para sincronizar múltiples procesos utilizando Redes de Petri},
  institution =  {Universidad Nacional de Córdoba},
  year = 	 {2012}
}
@Book{stallings,
  author = 	 {Stallings, William},
  title = 	 {Sistemas Operativos: Aspectos internos y principios de diseño},
  publisher = 	 {Newnes},
  year = 	 {2008}
}
@Book{domeika,
  author = 	 {Domeika, Max},
  title = 	 {Software Development for Embedded Multi-core Systems: A Practical Guide Using Embedded Intel Architecture},
  publisher = 	 {Pearson Educacion},
  year = 	 {2006}
}
@Book{palma,
  author = 	 {Palma Méndez, José Tomás  and Garrido Carrera, María Carmen and Sanchez Figueroa, Fernando and Quesada Arenciaba, Alexis},
  title = 	 {Programación Concurrente},
  publisher = 	 {Editorial Paraninfo},
  year = 	 {2003}
}
@Manual{xilinx_axi_int,
  title = 	 {LogiCORE IP AXI INTC v1.02a (DS747)},
  OPTorganization = {Xilinx},
  OPTmonth = 	 {Julio},
  OPTyear = 	 {2012},
  OPTnote = 	 {http://www.xilinx.com/support/documentation/ip_documentation/axi_intc/v1_02_a/ds747_axi_intc.pdf}
}
@Manual{xilinx_edk,
  title = 	 {EDK Concepts, Tools and Techniques. A hands-on guide to effective embedded system design (UG683 v14.2)},
  OPTorganization = {Xilinx},
  OPTmonth = 	 {Julio},
  OPTyear = 	 {2012},
  OPTnote = 	 {http://www.xilinx.com/support/documentation/sw_manuals/xilinx14_2/edk_ctt.pdf}
}
@Manual{xilinx_isim,
  title = 	 {ISim In-Depth Tutorial (UG682 v14.2)},
  OPTorganization = {Xilinx},
  OPTmonth = 	 {Julio},
  OPTyear = 	 {2012},
  OPTnote = 	 {http://www.xilinx.com/support/documentation/sw_manuals/xilinx14_2/ug682.pdf}
}
@Manual{xilinx_axi,
  title = 	 {LogiCORE IP AXI Interconnect v 1.06.a (DS768)},
  OPTorganization = {Xilinx},
  OPTmonth = 	 {Julio},
  OPTyear = 	 {2012},
  OPTnote = 	 {http://www.xilinx.com/support/documentation/ip_documentation/axi_interconnect/v1_06_a/ds768_axi_interconnect.pdf}
}
@Manual{xilinx_axi_timer,
  title = 	 {LogiCORE IP AXI Timer 1.03.a (DS764)},
  OPTorganization = {Xilinx},
  OPTmonth = 	 {Julio},
  OPTyear = 	 {2012},
  OPTnote = 	 {http://www.xilinx.com/support/documentation/ip_documentation/axi_timer/v1_03_a/axi_timer_ds764.pdf}
}
@Manual{xilinx_microblaze,
  title = 	 {MicroBlaze Processor Reference Guide. Embedded Development Kit 14.2 (UG081 v14.2)},
  OPTorganization = {Xilinx},
  OPTmonth = 	 {Julio},
  OPTyear = 	 {2012},
  OPTnote = 	 {http://www.xilinx.com/support/documentation/sw_manuals/xilinx14_2/mb_ref_guide.pdf}
}
@Manual{xilinx_xilkernel,
  title = 	 {OS and Libraries Document Collection (UG643 v14.2)},
  OPTorganization = {Xilinx},
  OPTmonth = 	 {Julio},
  OPTyear = 	 {2012},
  OPTnote = 	 {http://www.xilinx.com/support/documentation/sw_manuals/xilinx14_2/oslib_rm.pdf}
}
@Book{hennessypatterson,
  author = 	 {Hennessy, John L. and Patterson, David A.},
  title = 	 {Computer Architecture: A Quantitative Approach},
  publisher = 	 {Morgan Kaufmann Publishers},
  year = 	 {2007},
  OPTedition = 	 {Fourth}
}
@Unpublished{muscholl,
  author = 	 {Muscholl, Anca},
  title = 	 {Petri Nets},
  note = 	 {http://www.labri.fr/perso/anca/FDS/Pn-ESTII.pdf},
  year = 	 {2006}
}
@PhdThesis{garcia_izquierdo,
  author = 	 {García Izquierdo,Francisco José},
  title = 	 {Modelado e implementación de Sistemas de Tiempo Real mediante Redes de Petri con Tiempo},
  school = 	 {Universidad de Zaragoza},
  year = 	 {1999}
}
@Book{ashenden,
  author = 	 {Ashenden, Peter J.},
  title = 	 {Digital Design. An Embedded Systems Approach Using Verilog},
  publisher = 	 {Morgan Kaufmann - Elsevier},
  year = 	 {2008}
}
@Article{paperProcesador,
  author = 	 {Micolini, Orlando; Pereyra, Martín M.; Gallia, Nicolás A.; Alasia, Melisa A.},
  title = 	 {Sistema Multi-Core Heterogéneo, sincronizado por un Procesador de Petri sobre FPGA.},
  journal= { },
  year = {2012}
}
@Article{peterson,
 author = {Peterson, James L.},
 title = {Petri Nets},
 journal = {ACM Comput. Surv.},
 issue_date = {Sept. 1977},
 volume = {9},
 number = {3},
 month = sep,
 year = {1977},
 issn = {0360-0300},
 pages = {223--252},
 numpages = {30},
 url = {http://doi.acm.org/10.1145/356698.356702},
 doi = {10.1145/356698.356702},
 acmid = {356702},
 publisher = {ACM},
 address = {New York, NY, USA},
}
@Book{sriram,
   title = {Embedded multiprocessors : scheduling and synchronization},
   author = {Sriram, Sundararajan and Bhattacharyya, Shuvra S.},
   series = {Signal processing and communications},
   publisher = {CRC Press},
   address = {Boca Raton},
   url = {http://opac.inria.fr/record=b1128488},
   isbn = {978-1-420-04801-8},
   year = {2009}
}
@Manual{atlys,
  title = 	 {Atlys Board},
  OPTorganization = {Digilent},
  OPTannote = 	 {http://www.digilentinc.com/Data/Products/ATLYS/Atlys_rm.pdf}
}